Warning--I didn't find a database entry for "revell2009"
Warning--I didn't find a database entry for "rohlf1990"
Warning--I didn't find a database entry for "slice2007"
Warning--I didn't find a database entry for "bookstein1996"
Warning--I didn't find a database entry for "gunz2005"
Warning--I didn't find a database entry for "mcardle2001"
Warning--I didn't find a database entry for "hosken2004"
Warning--I didn't find a database entry for "ramm2007"

@article{ramm2007,
   author = {Ramm, Steven A.},
   title = {Sexual selection and genital evolution in mammals: a phylogenetic analysis of baculum length},
   journal = {The American Naturalist},
   volume = {169},
   number = {3},
   pages = {360-369},
   year = {2007}
}

@article{hosken2001,
   author = {Hosken, D. J.},
   title = {Experimental evidence for testis size evolution via sperm competition},
   journal = {Ecol. Lett.},
   volume = {4},
   pages = {10-13},
   year = {2001}
}

@article{mcardle2001,
   author = {McArdle, Brian H. and Anderson, Marti J.},
   title = {Fitting multivariate models to community data: a comment on distance-based redundancy analysis},
   journal = {Ecology},
   volume = {82},
   number = {1},
   pages = {290-297},
   year = {2001}
}

@incollection{gunz2005,
   author = {Gunz, P. and Mitteroecker, P. and Bookstein, F.},
   title = {Semilandmarks in three dimensions},
   booktitle = {Modern morphometrics in physical anthropology},
   editor = {Slice, Dennis E},
   pages = {73-98},
   year = {2005}
}

@article{bookstein1996,
   author = {Bookstein, F. L.},
   title = {Biometrics, biomathematics and the morphometric synthesis},
   journal = {Bulletin of Mathematical Biology},
   volume = {58},
   pages = {313-365},
   year = {1996}
}

@article{slice2007,
   author = {Slice, D.E.},
   title = {Geometrics morphometrics},
   journal = {Annual Review of Anthropology},
   volume = {36},
   pages = {261–281},
   year = {2007}
}

@article{revell2009,
   author = {Revell, Liam J. and Collar, David C.},
   title = {Phylogenetic analysis of the evolutionary correlation using likelihood},
   journal = {Evolution},
   volume = {63},
   pages = {1090–1100},
   year = {2009}
}

@book{rohlf1990,
   author = {Rohlf, F. J. and Bookstein, F. L.},
   title = {Proceedings of the Michigan Morphometrics Workshop},
   publisher = {University of Michigan Museum of Zoology},
   address = {Ann Arbor},
   pages = {380},
   year = {1990}
}



@article{suppmat,
   journal = {Online supplementary material},
}

@article{adams2012,
   author = {Adams, D. C. and Otárola-Castillo, E.},
   title = {Package 'geomorph': Geometric morphometric analysis of 2d/3d landmark data.  R package version 1.0. The Comprehensive R Network (CRAN)},
   year = {2012}
}

@article{andersen1992,
   author = {Andersen, D. and Kinze, C. C. and Skov, J. },
   title = {The use of pelvic bones in the harbour porpoise Phocoena phocoena as an indication of sexual maturity},
   journal = {Lutra},
   volume = {35},
   pages = {105-112},
   year = {1992}
}

@article{arnqvist1998,
   author = {Arnqvist, Goran},
   title = {Comparative evidence for the evolution of genitalia by sexual selection},
   journal = {Nature},
   volume = {393},
   number = {6687},
   pages = {784-786},
   year = {1998}
}

@article{benham1901,
   author = {Benham, W. Blaxland},
   title = {On the anatomy of Cogia breviceps},
   journal = {Proceedings of the Zoological Society of London},
   volume = {71},
   number = {1},
   pages = {107-134},
   year = {1901}
}

@article{bookstein1997,
   author = {Bookstein, F. J.},
   title = {Landmark methods for forms without landmarks: morphometrics of group differences in outline shape},
   journal = {Medical Image Analysis},
   volume = {1},
   pages = {225-243},
   year = {1997}
}

@article{brownell1986,
   author = {Brownell, R. L. Jr. and Ralls, K.},
   title = {Potential for sperm competition in baleen whales},
   journal = {Rep. Int. Whal. Commn.},
   volume = {8},
   pages = {97-112},
   year = {1986}
}

@article{danilewicz2004,
   author = {Danilewicz, D and Claver, JA and Pérez Carrera, AL and Secchi, ER and Fontoura, NF},
   title = {Reproductive biology of male franciscanas (Pontoporia blainvillei) (Mammalia: Cetacea) from Rio Grande do Sul, southern Brazil},
   journal = {Fishery Bulletin},
   volume = {102},
   number = {4},
   pages = {581-592},
   year = {2004}
}

@book{eberhard1985,
   author = {Eberhard, W. G.},
   title = {Sexual selection and animal genitalia},
   publisher = {Harvard University Press},
   address = {Cambridge, Mass.},
   year = {1985}
}

@article{firman2008,
   author = {Firman, R. C. and Simmons, L. W.},
   title = {The frequency of multiple paternity predicts variation in testes size among island populations of house mice},
   journal = {J Evol Biol},
   volume = {21},
   pages = {1524-1533},
   year = {2008}
}

@article{fitzpatrick2012,
   author = {Fitzpatrick, John L. and Almbro, Maria and Gonzalez-Voyer, Alejandro and Kolm, Niclas and Simmons, Leigh W.},
   title = {Male contest competition and the coevolution of weaponry and testes in pinnipeds},
   journal = {Evolution},
   volume = {66},
   number = {11},
   pages = {3595-3604},
   keywords = {Contest competition
ejaculate allocation
genital evolution
sexual selection},
   year = {2012}
}

@article{gage1994,
   author = {Gage, Matthew J. G.},
   title = {Associations between body size, mating pattern, testis size and sperm lengths across butterflies},
   journal = {Proceedings of the Royal Society of London. Series B: Biological Sciences},
   volume = {258},
   number = {1353},
   pages = {247-254},
   year = {1994}
}

@article{harcourt1981,
   author = {Harcourt, A. H. and Harvey, P. H. and Larson, S. G. and Short, R. V.},
   title = {Testis weight, body weight and breeding system in primates},
   journal = {Nature},
   volume = {293},
   number = {5827},
   pages = {55-7},
   year = {1981}
}

@article{heyning1994,
   author = {Heyning, J. E. and Perrin, W. F.},
   title = {Evidence for two species of common dolphins (genus Delphinus) from the eastern North Pacific},
   journal = {Contributions in Science},
   year = {1994}
}

@article{hosken2004,
   author = {Hosken, D.J. and Stockley, P.},
   title = {Sexual selection and genital evolution},
   journal = {Trends in Ecology \& Evolution},
   volume = {19},
   number = {2},
   pages = {87-93},
   year = {2004}
}

@article{kenagy1986,
   author = {Kenagy, G. J. and Trombulak, S. C.},
   title = {Size and function of mammalian testes in relation to body size},
   journal = {Journal of Mammalogy},
   volume = {67},
   pages = {1-22},
   year = {1986}
}

@article{mate2005,
   author = {Mate, Bruce and Duley, Peter and Lagerquist, Barbara and Wenzel, Frederick and Stimpert, Alison and Clapham, Phil},
   title = {Observations of a female North Atlantic right whale (Eubalaena glacialis) in simultaneous copulation with two males: supporting evidence for sperm competition},
   journal = {Aquatic Mammals},
   volume = {31},
   number = {2},
   pages = {157-160},
   keywords = {North Atlantic right whale
Eubalaena glacialis
mating system
mating strategies
sperm competition},
   year = {2005}
}

@article{mcGowen2009,
   author = {McGowen, M. R. and Spaulding, M. and Gatesy, J.},
   title = {Divergence date estimation and a comprehensive molecular tree of extant cetaceans},
   journal = {Mol Phylogenet Evol},
   volume = {53},
   number = {3},
   pages = {891-906},
   keywords = {Animals
Bayes Theorem
Cetacea/classification/*genetics
DNA Transposable Elements
DNA, Mitochondrial/genetics
*Evolution, Molecular
Genes, RAG-1
Genome, Mitochondrial
Models, Genetic
*Phylogeny
Sequence Alignment
Sequence Analysis, DNA},
   year = {2009}
}

@article{meek1918,
   author = {Meek, Alexander},
   title = {The reproductive organs of cetacea},
   journal = {Journal of Anatomy},
   volume = {52},
   pages = {186-210},
   year = {1918}
}

@article{mitteroecker2009,
   author = {Mitteroecker, P. and Gunz, P.},
   title = {Advances in geometric morphometrics},
   journal = {Evolutionary Biology},
   volume = {36},
   pages = {235-247},
   year = {2009}
}

@article{moller1989,
   author = {Møller, A. P.},
   title = {Ejaculate quality, testes size and sperm production in mammals},
   journal = {Functional Ecology},
   volume = {3},
   number = {1},
   pages = {91-96},
   year = {1989}
}

@article{moller1991,
   author = {Møller, Anders Pape},
   title = {Sperm competition, sperm depletion, paternal care, and relative testis size in birds},
   journal = {The American Naturalist},
   volume = {137},
   number = {6},
   pages = {882-906},
   year = {1991}
}

@incollection{pabst1998,
   author = {Pabst, D and Rommel, S. A. and McLellan, W. A. },
   title = {Evolution of thermoregulatory function in cetacean reproductive systems},
   booktitle = {The Emergence of Whales: Evolutionary Patterns in the Origin of Cetacea},
   editor = {Thewissen, J. G. M.},
   publisher = {Plenum},
   address = {New York},
   pages = {379-390},
   year = {1998}
}

@book{perrin1975,
   author = {Perrin, W.F.},
   title = {Variation of spotted and spinner porpoise (genus Stenella) in the Eastern Tropical Pacific and Hawaii},
   publisher = {University of California Press},
   year = {1975}
}

@misc{perrin2013,
   author = {Perrin, W.F.},
   title = {World Cetacea Database (http://www.marinespecies.org/cetacea)},
   year = {2013}
}

@article{ramm2005,
   author = {Ramm, S. A. and Parker, G. A. and Stockley, P.},
   title = {Sperm competition and the evolution of male reproductive anatomy in rodents},
   journal = {Proc Biol Sci},
   volume = {272},
   number = {1566},
   pages = {949-55},
   year = {2005}
}

@article{stockley1997,
   author = {Stockley, P. and Gage, M. J. G. and Parker, G. A. and Moller, A. P.},
   title = {Sperm competition in fishes: the evolution of testis size and ejaculate characteristics},
   journal = {The American Naturalist},
   volume = {149},
   number = {5},
   pages = {933-954},
   year = {1997}
}

@article{uhen2010,
   author = {Uhen, Mark D.},
   title = {The origin(s) of whales},
   journal = {Annual Review of Earth and Planetary Science},
   volume = {38},
   pages = {189-219},
   keywords = {Cetacea
Neoceti
odontoceti
Mysticeti
Eocene
Oligocene
fossil record
paleontology},
   year = {2010}
}

@article{vanbree1973,
   author = {van Bree, P. J. H. },
   title = {On the length and weight of the pelvic bones in the harbour porpoise, Phocoena phocoena (Linnaeus, 1758) in relation to sex and size},
   journal = {Lutra},
   volume = {15},
   pages = {8-12},
   year = {1973}
}

